
@manual{projectseminar,
	address={\url{http://www.peschuster.de/ies-project/ProjectReport-Http.pdf}},
	author = {Peter Schuster},
	title = {Design of an Accelerated Event-based Server},
	company = {TU Darmstadt},
	year = {2012},
	month={10},}


@ARTICLE{singlelatch,
	author={Sheth, A.M. and Savir, J.},
	journal={Instrumentation and Measurement, IEEE Transactions on},
	title={Single-clock, single-latch, scan design},
	year={2003},
	month={oct.},
	volume={52},
	number={5},
	pages={ 1455 - 1457},
	keywords={ design for testability; single-clock single-latch scan design; test mode signal; clocks; design for testability; flip-flops; logic design; logic testing;},
	doi={10.1109/TIM.2003.818550},
	ISSN={0018-9456},}

% address, title, year 	author, organization, edition, month, note
@manual{mb_ref,
	address={\url{http://www.xilinx.com/support/documentation/sw\_manuals/xilinx14\_1/mb\_ref\_guide.pdf}},
	title={MicroBlaze Processor Reference Guide (UG081)},
	year={2012},
	author={Xilinx},
	month={4},
	edition={14.1},}
	
@manual{fpga_ni,
	address={\url{http://www.ni.com/white-paper/6983/en}},
	title={FPGA Fundamentals},
	year={},
	author={National Instruments},
	month={},
	note={called 08/28/2012}}
		
@Manual{xupv5manual,
	address={\url{http://www.xilinx.com/univ/xupv5-lx110T-manual.htm}},
	title={XUPV5-LX110T User Manual},
	year={},
	author={Xilinx},
	month={},
	note={called 09/06/2012}}
	
@manual{ug347,
	address={\url{http://www.xilinx.com/support/documentation/boards\_and\_kits/ug347.pdf}},
	title={ML505/ML506/ML507 Evaluation Platform - User Guid (UG347)},
	year={2011},
	author={Xilinx},
	month={5},
	edition={v3.1.2},}
	
@manual{xps_ll_temac,
	address={\url{http://www.xilinx.com/support/documentation/ip\_documentation/xps\_ll\_temac.pdf}},
	title={LogiCORE IP XPS LL TEMAC},
	year={2010},
	author={Xilinx},
	month={12},
	edition={v2.03a},}
	
@manual{axi_interconnect,
	address={\url{http://www.xilinx.com/support/documentation/ip\_documentation/axi\_interconnect/v1\_06\_a/ds768\_axi\_interconnect.pdf}},
	title={LogiCORE IP AXI Interconnect},
	year={2012},
	author={Xilinx},
	month={4},
	edition={v1.06a},}
	
@manual{mpmc,
	address={\url{http://www.xilinx.com/support/documentation/ip\_documentation/mpmc.pdf}},
	title={LogiCORE IP Multi-Port Memory Controller (DS643)},
	year={2011},
	author={Xilinx},
	month={10},
	edition={v6.05a},}
	
@manual{virtex5,
	address={\url{http://www.xilinx.com/support/documentation/data\_sheets/ds100.pdf}},
	title={Virtex-5 Family Overview (DS100)},
	year={2009},
	author={Xilinx},
	month={2},
	edition={v5.0},}
	
@manual{intel_endiannness,
	address={\url{http://www.intel.com/design/intarch/papers/endian.pdf}},
	title={Endianness White Paper},
	year={2004},
	author={Intel Corporation},
	month={11},
	edition={},}
	
@manual{mb_linux,
	address={\url{http://wiki.xilinx.com/microblaze-linux}},
	title={MicroBlaze Linux (General)},
	year={},
	author={Xilinx and others},
	month={},
	edition={},}
	
@manual{device_tree,
	address={\url{http://ozlabs.org/~dgibson/papers/dtc-paper.pdf}},
	title={Device trees everywhere},
	year={2006},
	author={David Gibson and Benjamin Herrenschmidt},
	month={2},
	edition={},}
	
@manual{rgmii,
	address={\url{http://www.hp.com/rnd/pdfs/RGMIIv1_3.pdf}},
	title={Reduced Gigabit Media Independent Interface(RGMII)},
	year={2000},
	author={HP and Broadcom and Marvel},
	month={12},
	edition={1.3},}


	
@ARTICLE{ieee802_3, 
	author={}, 
	journal={IEEE Std 802.3, 2000 Edition}, title={802.3-2000 - Part 3: Carrier Sense Multiple Access With Collision Detect on (CSMA/CD) Access Method and Physical Layer Specifications}, 
	year={2000}, 
	month={ }, 
	volume={}, 
	number={}, 
	pages={i -1515}, 
	keywords={aggregated link; aggregator; auto negotiation; category 5; copper; data processing; ethernet; gigabit; information interchange, link aggregation; local area networks, management; MASTER-SLAVE; medium dependent interface; mode of data transmission; models; network interconnection; physical coding sublayer; physical layer; physical medium attachment; repeater; type field; VLAN TAG;}, 
	doi={10.1109/IEEESTD.2000.91946}, 
	ISSN={},}
	
@book{linuxPrimer,
 author = {Hallinan, Christopher},
 title = {Embedded Linux Primer: A Practical Real-World Approach},
 year = {2006},
 isbn = {0131679848},
 publisher = {Prentice Hall PTR},
 address = {Upper Saddle River, NJ, USA},
}

@InBook{aosa,
author = {Andre Alexeev},
title = {The Architecture of Open Source Applications, Volume 2},
chapter = {nginx},
publisher = {Amy Brown, Greg Wilson},
year = {2012},
OPTvolume = {2},
OPTmonth = {May},
OPTpages = {390}
}
	
@manual{internet_study,
	address={\url{http://www.ipoque.com/sites/default/files/mediafiles/documents/internet-study-2008-2009.pdf}},
	title={ipoque GmbH},
	year={2009},
	author={Hendrik Schulze, Klaus Mochalski},
	company={ipoque GmbH},
	month={},
	edition={},}

@manual{takeover,
    address={\url{http://press.xilinx.com/phoenix.zhtml?c=212763&p=irol-newsArticle&ID=1729100}},
    author={Bruce Fienberg},
    company={Xilinx Inc.},
    title={Xilinx Acquires Embedded Linux Solutions Provider PetaLogix},
    year={2012},
    month={8},
	OPTmonth = {August},
    day={28}
}

@manual{mbfree,
    address={\url{http://www.xilinx.com/support/answers/12421.htm}},
    author={Xilinx Inc.},
    company={Xilinx Inc.},
    title={MicroBlaze - How is memory managed in MicroBlaze? Should I use malloc/free functions to manage memory?},
    year=2010,
    month=sept,
	OPTmonth = sept,
    day={9}
}

@manual{busybox,
    address={\url{http://www.busybox.net/downloads/BusyBox.html}},
    author={Denis Vlasenko, and others},
    title={BusyBox - The Swiss Army Knife of Embedded Linux}
}

@Manual{http,
	title = {Hypertext Transfer Protocol - HTTP/1.1. (RFC 2612)},
	author = {R. Fielding, J. Gettys, J. Mogul, H. Frystyk and T. Berners-Lee.},
	organization = {Internet Engineering Task Force},
	month = jun,
	year= 1999,
}

@Manual{tcp,
	title = {Transmission Control Protocol (RFC 793)},
	author = {Jon Postel},
	organization = {Information Sciences Institute, University of Southern California},
	month = sept,
	year= 1981,
}

@book{kn1,
 author = {Tanenbaum, Andrew},
 title = {Computer Networks},
 year = {2002},
 isbn = {0130661023},
 edition = {4th},
 publisher = {Prentice Hall Professional Technical Reference},
}

@Manual{httperf,
	title = {httperf -- A Tool for Measuring Web Server Performance},
	author = {David Mosberger, Tai Jin},
	organization = {Hewlett-Packard Co.},
    address={\url{http://www.hpl.hp.com/research/linux/httperf/wisp98/httperf.pdf}},
	month = dec,
	year= 1998
}

@Book{beejs,
author = {Brian Hall},
title = {Beej's Guide to Network Programming},
publisher = {Jorgensen Publishing},
year = 2011,
month=okt
}

@Manual{netstackana,
	title = {Anatomy of the Linux networking stack},
	author = {M. Tim Jones},
	organization = {Emulex Corp.},
    address={\url{http://www.ibm.com/developerworks/linux/library/l-linux-networking-stack/}},
	month = jun,
	year= 2007
}
